@INPROCEEDINGS{Greenwald03correlated-qlearning,
    author = {Amy Greenwald and Keith Hall},
    title = {Correlated-Q learning},
    booktitle = {In AAAI Spring Symposium},
    year = {2003},
    pages = {242--249},
    publisher = {AAAI Press}
}

@article{DBLP:journals/corr/abs-1206-3277,
  author    = {Enrique Munoz de Cote and
               Michael L. Littman},
  title     = {A Polynomial-time Nash Equilibrium Algorithm for Repeated
               Stochastic Games},
  journal   = {CoRR},
  volume    = {abs/1206.3277},
  year      = {2012},
  ee        = {http://arxiv.org/abs/1206.3277},
  bibsource = {DBLP, http://dblp.uni-trier.de}
}

@MISC{Greenwald_correlatedq-learning,
    author = {Amy Greenwald and Keith Hall and Martin Zinkevich},
    title = {Correlated Q-learning},
    year = {2005}
}

