@article{Kalai:2011:CTP:1978721.1978725,
 author = {Kalai, Adam and Kalai, Ehud},
 title = {Cooperation in two person games, revisited},
 journal = {SIGecom Exch.},
 issue_date = {March 2011},
 volume = {10},
 number = {1},
 month = mar,
 year = {2011},
 issn = {1551-9031},
 pages = {13--16},
 numpages = {4},
 url = {http://doi.acm.org/10.1145/1978721.1978725},
 doi = {10.1145/1978721.1978725},
 acmid = {1978725},
 publisher = {ACM},
 address = {New York, NY, USA},
} 


@inproceedings{Kalai:2010:CCS:1807342.1807397,
 author = {Kalai, Adam Tauman and Kalai, Ehud},
 title = {Cooperation and competition in strategic games with private information},
 booktitle = {Proceedings of the 11th ACM conference on Electronic commerce},
 series = {EC '10},
 year = {2010},
 isbn = {978-1-60558-822-3},
 location = {Cambridge, Massachusetts, USA},
 pages = {345--346},
 numpages = {2},
 url = {http://doi.acm.org/10.1145/1807342.1807397},
 doi = {10.1145/1807342.1807397},
 acmid = {1807397},
 publisher = {ACM},
 address = {New York, NY, USA},
 keywords = {bargaining, cooperative game theory, noncooperative game theory},
} 

@MISC{Kalai_acooperative,
    author = {Adam Tauman Kalai and Ehud Kalai},
    title = {A Cooperative Value for Bayesian Games},
    year = {2010}
}

